<record><leader>00000cas a2200000Ma 4500</leader><controlfield tag="001">11035736</controlfield><controlfield tag="008">840809d18481850nhuwr ne      0    0eng d</controlfield><datafield ind1=" " ind2=" " tag="010"><subfield code="a">sn 84023832 </subfield></datafield><datafield ind1=" " ind2=" " tag="040"><subfield code="a">AQM</subfield><subfield code="b">eng</subfield><subfield code="c">AQM</subfield><subfield code="d">OCLCG</subfield><subfield code="d">OCLCQ</subfield></datafield><datafield ind1="0" ind2="0" tag="245"><subfield code="a">Manchester tele-scope.</subfield></datafield><datafield ind1="1" ind2="3" tag="246"><subfield code="a">Manchester telescope</subfield></datafield><datafield ind1="1" ind2="3" tag="246"><subfield code="a">Tele-scope</subfield></datafield><datafield ind1=" " ind2=" " tag="260"><subfield code="a">Manchester, N.H. :</subfield><subfield code="b">Haradon &amp; Kieley.</subfield></datafield><datafield ind1=" " ind2=" " tag="300"><subfield code="a">v. ;</subfield><subfield code="c">54 cm.</subfield></datafield><datafield ind1=" " ind2=" " tag="310"><subfield code="a">Weekly</subfield></datafield><datafield ind1="0" ind2=" " tag="362"><subfield code="a">Vol. 1, no. 18 (Jan. 13, 1849)-</subfield></datafield><datafield ind1="1" ind2=" " tag="362"><subfield code="a">Last issue located: vol. 2, no. 6 (Apr. 27, 1850); ceased with Apr. 27, 1850 issue. Cf. Amer. newspapers, 1821-1936.</subfield></datafield><datafield ind1=" " ind2=" " tag="500"><subfield code="a">"Independent in every thing, neutral in nothing."</subfield></datafield><datafield ind1=" " ind2=" " tag="500"><subfield code="a">Publisher: W. Newell Haradon, Feb. 24, 1849-&lt;April 27, 1850&gt;.</subfield></datafield><datafield ind1=" " ind2=" " tag="500"><subfield code="a">"Manchester" appears above title ornament.</subfield></datafield><datafield ind1=" " ind2="7" tag="655"><subfield code="a">Newspapers.</subfield><subfield code="2">rbgenr</subfield></datafield><datafield ind1="1" ind2=" " tag="700"><subfield code="a">Haradon, Willard Newell,</subfield><subfield code="d">1820-1872,</subfield><subfield code="e">publisher.</subfield></datafield><datafield ind1="2" ind2=" " tag="710"><subfield code="a">Haradon &amp; Kieley,</subfield><subfield code="e">publisher.</subfield></datafield><datafield ind1=" " ind2=" " tag="752"><subfield code="a">United States</subfield><subfield code="b">New Hampshire</subfield><subfield code="c">Hillsboro</subfield><subfield code="d">Manchester.</subfield></datafield><datafield ind1="0" ind2="0" tag="780"><subfield code="a">Telescope (Manchester, N.H.)</subfield></datafield><datafield ind1="0" ind2="0" tag="785"><subfield code="a">Manchester spy</subfield></datafield></record>